<record><leader>00000cas a22000007a 4500</leader><controlfield tag="001">11163195</controlfield><controlfield tag="008">840917d18731878inuwr ne      0    0eng d</controlfield><datafield ind1=" " ind2=" " tag="010"><subfield code="a">sn 84037937 </subfield></datafield><datafield ind1=" " ind2=" " tag="040"><subfield code="a">NPX</subfield><subfield code="b">eng</subfield><subfield code="c">NPX</subfield><subfield code="d">NPU</subfield><subfield code="d">DLC</subfield><subfield code="d">NPT</subfield><subfield code="d">NPI</subfield><subfield code="d">OCLCQ</subfield></datafield><datafield ind1=" " ind2=" " tag="042"><subfield code="a">msc</subfield></datafield><datafield ind1="0" ind2=" " tag="130"><subfield code="a">Marion weekly chronicle (Marion, Ind. : 1873)</subfield></datafield><datafield ind1="1" ind2="4" tag="245"><subfield code="a">The Marion weekly chronicle.</subfield></datafield><datafield ind1=" " ind2=" " tag="260"><subfield code="a">Marion, Ind. :</subfield><subfield code="b">M.F. Tingley,</subfield><subfield code="c">1873-1878.</subfield></datafield><datafield ind1=" " ind2=" " tag="310"><subfield code="a">Weekly</subfield></datafield><datafield ind1="0" ind2=" " tag="362"><subfield code="a">Vol. 7, no. 7 (Feb. 13, 1873)-v. 12, no. 52 (Dec. 26, 1878).</subfield></datafield><datafield ind1=" " ind2=" " tag="752"><subfield code="a">United States</subfield><subfield code="b">Indiana</subfield><subfield code="c">Grant</subfield><subfield code="d">Marion.</subfield></datafield><datafield ind1="0" ind2="0" tag="780"><subfield code="t">Marion chronicle (Marion, Ind. : Weekly : 1868)</subfield><subfield code="w">(DLC)sn 87055071</subfield></datafield><datafield ind1="0" ind2="5" tag="780"><subfield code="t">Marion star</subfield><subfield code="w">(DLC)sn 87056817</subfield></datafield><datafield ind1="0" ind2="0" tag="785"><subfield code="t">Marion chronicle (Marion, Ind. : Weekly : 1879)</subfield><subfield code="w">(DLC)sn 87055072</subfield></datafield></record>